<record><leader>00000cas a2200000 a 4500</leader><controlfield tag="001">1696124</controlfield><controlfield tag="008">751012u1968uuuumauuu ne      0    0eng d</controlfield><datafield ind1=" " ind2=" " tag="010"><subfield code="a">sn2004060379</subfield></datafield><datafield ind1=" " ind2=" " tag="040"><subfield code="a">MUL</subfield><subfield code="b">eng</subfield><subfield code="c">MUL</subfield><subfield code="d">NYS</subfield><subfield code="d">OCLCQ</subfield></datafield><datafield ind1=" " ind2=" " tag="043"><subfield code="a">n-us-ma</subfield></datafield><datafield ind1="0" ind2="4" tag="082"><subfield code="a">503</subfield></datafield><datafield ind1="0" ind2="0" tag="245"><subfield code="a">Wild flowers.</subfield></datafield><datafield ind1=" " ind2=" " tag="260"><subfield code="a">Stow, Mass.</subfield></datafield><datafield ind1=" " ind2=" " tag="300"><subfield code="a">v.</subfield></datafield><datafield ind1=" " ind2=" " tag="588"><subfield code="a">Description based on: Vol. 2, no. 1 (Oct. 1968).</subfield></datafield><datafield ind1=" " ind2=" " tag="588"><subfield code="a">Latest issue consulted: Vol. 2, no. 2 (May, 1969).</subfield></datafield><datafield ind1=" " ind2="0" tag="650"><subfield code="a">Underground press</subfield><subfield code="z">Massachusetts</subfield><subfield code="z">Stow.</subfield></datafield><datafield ind1=" " ind2="0" tag="651"><subfield code="a">Stow (Mass.)</subfield><subfield code="v">Newspapers.</subfield></datafield><datafield ind1=" " ind2="0" tag="651"><subfield code="a">Middlesex County (Mass.)</subfield><subfield code="v">Newspapers.</subfield></datafield><datafield ind1=" " ind2=" " tag="752"><subfield code="a">United States</subfield><subfield code="b">Massachusetts</subfield><subfield code="c">Middlesex</subfield><subfield code="d">Stow.</subfield></datafield></record>